% Encoding: UTF-8

@article{余每2001中国出版集团研究,
  title={中国出版集团研究},
  author={余每 and 郝振省 and others},
  journal={出版发行研究},
  number={1},
  pages={5--16},
  year={2001}
}

@article{waugh1928quality,
  title={Quality factors influencing vegetable prices},
  author={Waugh, Frederick V},
  journal={Journal of farm economics},
  volume={10},
  number={2},
  pages={185--196},
  year={1928},
}